@book{babb2004bayesian,
  title={Bayesian methods for cancer phase I clinical trials},
  author={Babb, James S and Rogatko, Andr{\'e}},
  year={2004},
  publisher={New York: Marcel Dekker}
}

@article{cater1972study,
  title={Study design principles for clinical evaluation of new drugs as developed by the chemotherapy program of the National Cancer Institute},
  author={Cater, SK},
  journal={The design of clinical trials in cancer therapy},
  pages={242--289},
  year={1972},
  publisher={Editions Scientifiques Europeenes}
}

@article{le2009dose,
  title={Dose escalation methods in phase I cancer clinical trials},
  author={Le Tourneau, Christophe and Lee, J Jack and Siu, Lillian L},
  journal={JNCI: Journal of the National Cancer Institute},
  volume={101},
  number={10},
  pages={708--720},
  year={2009},
  publisher={Oxford University Press}
}


@article{rogatko2007translation,
  title={Translation of innovative designs into phase I trials},
  author={Rogatko, Andr{\'e} and Schoeneck, David and Jonas, William and Tighiouart, Mourad and Khuri, Fadlo R and Porter, Alan},
  journal={Journal of Clinical Oncology},
  volume={25},
  number={31},
  pages={4982--4986},
  year={2007},
  publisher={American Society of Clinical Oncology}
}

@article{chiuzan2017dose,
  title={Dose-finding designs for trials of molecularly targeted agents and immunotherapies},
  author={Chiuzan, Cody and Shtaynberger, Jonathan and Manji, Gulam A and Duong, Jimmy K and Schwartz, Gary K and Ivanova, Anastasia and Lee, Shing M},
  journal={Journal of biopharmaceutical statistics},
  volume={27},
  number={3},
  pages={477--494},
  year={2017},
  publisher={Taylor \& Francis}
}
%6

@article{o2006experimental,
  title={Experimental designs for phase I and phase I/II dose-finding studies},
  author={O'Quigley, John and Zohar, S},
  journal={British journal of cancer},
  volume={94},
  number={5},
  pages={609--613},
  year={2006},
  publisher={Nature Publishing Group}
}

@article{harrington2013adaptive,
  title={Adaptive designs for dual-agent phase I dose-escalation studies},
  author={Harrington, Jennifer A and Wheeler, Graham M and Sweeting, Michael J and Mander, Adrian P and Jodrell, Duncan I},
  journal={Nature Reviews Clinical Oncology},
  volume={10},
  number={5},
  pages={277--288},
  year={2013},
  publisher={Nature Publishing Group UK London}
}

%lost 8th: manually create!

@online{AdaptiveDesignsWorkingGroup2017,
  author = {{Adaptive Designs Working Group of the MRC Network of Hubs for Trials Methodology Research}},
  title = {A quick guide why not to use A+B designs},
  year = {2017},
  url = {http://methodologyhubs.mrc.ac.uk/files/6814/6253/2385/A_quick_guide_why_not_to_use_AB_designs.pdf},
  urldate = {2018-12-14}
}


@article{jaki2013principles,
  title={Principles of dose finding studies in cancer: a comparison of trial designs},
  author={Jaki, Thomas and Clive, Sally and Weir, Christopher J},
  journal={Cancer chemotherapy and pharmacology},
  volume={71},
  pages={1107--1114},
  year={2013},
  publisher={Springer}
}

@article{o1990continual,
  title={Continual reassessment method: a practical design for phase 1 clinical trials in cancer},
  author={O'Quigley, John and Pepe, Margaret and Fisher, Lloyd},
  journal={Biometrics},
  pages={33--48},
  year={1990},
  publisher={JSTOR}
}






%11!

@article{o1999another,
  title={Another look at two phase I clinical trial designs},
  author={O'Quigley, John},
  journal={Statistics in medicine},
  volume={18},
  number={20},
  pages={2683--2690},
  year={1999},
  publisher={Wiley Online Library}
}


@article{thall2003practical,
  title={Practical model-based dose-finding in phase I clinical trials: methods based on toxicity},
  author={Thall, PF and Lee, S-J},
  journal={International Journal of Gynecologic Cancer},
  volume={13},
  number={3},
  year={2003},
  publisher={BMJ Specialist Journals}
}


@article{iasonos2008comprehensive,
  title={A comprehensive comparison of the continual reassessment method to the standard 3+ 3 dose escalation scheme in Phase I dose-finding studies},
  author={Iasonos, Alexia and Wilton, Andrew S and Riedel, Elyn R and Seshan, Venkatraman E and Spriggs, David R},
  journal={Clinical Trials},
  volume={5},
  number={5},
  pages={465--477},
  year={2008},
  publisher={SAGE Publications Sage UK: London, England}
}
%14
@article{onar2009continual,
  title={Continual reassessment method vs. traditional empirically based design: modifications motivated by Phase I trials in pediatric oncology by the Pediatric Brain Tumor Consortium},
  author={Onar, Arzu and Kocak, Mehmet and Boyett, James M},
  journal={Journal of biopharmaceutical statistics},
  volume={19},
  number={3},
  pages={437--455},
  year={2009},
  publisher={Taylor \& Francis}
}

@article{onar2010simulation,
  title={A simulation-based comparison of the traditional method, Rolling-6 design and a frequentist version of the continual reassessment method with special attention to trial duration in pediatric Phase I oncology trials},
  author={Onar-Thomas, Arzu and Xiong, Zang},
  journal={Contemporary clinical trials},
  volume={31},
  number={3},
  pages={259--270},
  year={2010},
  publisher={Elsevier}
}

%16
@article{le2012efficiency,
  title={Efficiency of new dose escalation designs in dose-finding phase I trials of molecularly targeted agents},
  author={Le Tourneau, Christophe and Gan, Hui K and Razak, Albiruni RA and Paoletti, Xavier},
  journal={PloS one},
  volume={7},
  number={12},
  pages={e51039},
  year={2012},
  publisher={Public Library of Science San Francisco, USA}
}

@article{garrett2006continual,
  title={The continual reassessment method for dose-finding studies: a tutorial},
  author={Garrett-Mayer, Elizabeth},
  journal={Clinical trials},
  volume={3},
  number={1},
  pages={57--71},
  year={2006},
  publisher={Sage Publications Sage CA: Thousand Oaks, CA}
}

%18 https://books.google.com/books?hl=zh-CN&lr=&id=S8_6F2DSeKYC&oi=fnd&pg=PP1&dq=Cheung+YK.+Dose+finding+by+the+continual+reassessment+method.+Chapman+%26+Hall/CRC+Biostatistics+Series:+Taylor+and+Francis%3B+2011.&ots=GrjVxqh6p5&sig=TFqgORcDy57jy9vdyRDZ8v0YMR4#v=onepage&q&f=false
@book{cheung2011dose,
  title={Dose finding by the continual reassessment method},
  author={Cheung, Ying Kuen},
  year={2011},
  publisher={CRC Press}
}


%19
@book{o2017handbook,
  title={Handbook of methods for designing, monitoring, and analyzing dose-finding trials},
  author={O'Quigley, John and Iasonos, Alexia and Bornkamp, Bj{\"o}rn},
  year={2017},
  publisher={CRC press}
}

@article{food2013adaptive,
  title={Adaptive Design Clinical Trials for Drugs and Biologics; 2018},
  author={Food and Drug Administration and others},
  journal={Available at: fda. gov/regulatory-information/search-fda-guidance-documents/adaptive-design-clinical-trials-drugs-and-biologics. Accessed [September 12, 2019]},
  year={2013}
}





%in the main paper

%17

%31
@article{iasonos2016dimension,
  title={Dimension of model parameter space and operating characteristics in adaptive dose-finding studies},
  author={Iasonos, Alexia and Wages, Nolan A and Conaway, Mark R and Cheung, Ken and Yuan, Ying and O'Quigley, John},
  journal={Statistics in medicine},
  volume={35},
  number={21},
  pages={3760--3775},
  year={2016},
  publisher={Wiley Online Library}
}

%27
@article{brock2017implementing,
  title={Implementing the EffTox dose-finding design in the Matchpoint trial},
  author={Brock, Kristian and Billingham, Lucinda and Copland, Mhairi and Siddique, Shamyla and Sirovica, Mirjana and Yap, Christina},
  journal={BMC medical research methodology},
  volume={17},
  number={1},
  pages={1--15},
  year={2017},
  publisher={BioMed Central}
}
%28
@article{moller1995extension,
  title={An extension of the continual reassessment methods using a preliminary up-and-down design in a dose finding study in cancer patients, in order to investigate a greater range of doses},
  author={M{\o}ller, Susanne},
  journal={Statistics in medicine},
  volume={14},
  number={9},
  pages={911--922},
  year={1995},
  publisher={Wiley Online Library}
}
%26
@article{penel2012does,
  title={What does a modified-Fibonacci dose-escalation actually correspond to?},
  author={Penel, Nicolas and Kramar, Andrew},
  journal={BMC medical research methodology},
  volume={12},
  number={1},
  pages={1--5},
  year={2012},
  publisher={BioMed Central}
}
%45
@article{kuen2013sample,
  title={Sample size formulae for the Bayesian continual reassessment method},
  author={Kuen Cheung, Ying},
  journal={Clinical Trials},
  volume={10},
  number={6},
  pages={852--861},
  year={2013},
  publisher={SAGE Publications Sage UK: London, England}
}


%Main
@article{wheeler2019design,
  title={How to design a dose-finding study using the continual reassessment method},
  author={Wheeler, Graham M and Mander, Adrian P and Bedding, Alun and Brock, Kristian and Cornelius, Victoria and Grieve, Andrew P and Jaki, Thomas and Love, Sharon B and Odondi, Lang’o and Weir, Christopher J and others},
  journal={BMC medical research methodology},
  volume={19},
  number={1},
  pages={1--15},
  year={2019},
  publisher={BioMed Central}
}


%34
@article{neuenschwander2008critical,
  title={Critical aspects of the Bayesian approach to phase I cancer trials},
  author={Neuenschwander, Beat and Branson, Michael and Gsponer, Thomas},
  journal={Statistics in medicine},
  volume={27},
  number={13},
  pages={2420--2439},
  year={2008},
  publisher={Wiley Online Library}
}


% added in methodology part
@article{wages2013performance,
  title={Performance of two-stage continual reassessment method relative to an optimal benchmark},
  author={Wages, Nolan A and Conaway, Mark R and O’Quigley, John},
  journal={Clinical Trials},
  volume={10},
  number={6},
  pages={862--875},
  year={2013},
  publisher={SAGE Publications Sage UK: London, England}
}


%CHEVRET
@article{chevret1993continual,
  title={The continual reassessment method in cancer phase I clinical trials: a simulation study},
  author={Chevret, Sylvie},
  journal={Statistics in medicine},
  volume={12},
  number={12},
  pages={1093--1108},
  year={1993},
  publisher={Wiley Online Library}
}


%A*
@article{korn1994comparison,
  title={A comparison of two phase I trial designs},
  author={Korn, Edward L and Midthune, Douglas and Chen, T Timothy and Rubinstein, Lawrence V and Christian, Michaele C and Simon, Richard M},
  journal={Statistics in medicine},
  volume={13},
  number={18},
  pages={1799--1806},
  year={1994},
  publisher={Wiley Online Library}
}

%B
@article{o1990continual,
  title={Continual reassessment method: a practical design for phase 1 clinical trials in cancer},
  author={O'Quigley, John and Pepe, Margaret and Fisher, Lloyd},
  journal={Biometrics},
  pages={33--48},
  year={1990},
  publisher={JSTOR}
}


%C
@article{piantadosi1998practical,
  title={Practical implementation of a modified continual reassessment method for dose-finding trials},
  author={Piantadosi, S and Fisher, JD and Grossman, S},
  journal={Cancer chemotherapy and pharmacology},
  volume={41},
  pages={429--436},
  year={1998},
  publisher={Springer}
}

%D
@article{storer1989design,
  title={Design and analysis of phase I clinical trials},
  author={Storer, Barry E},
  journal={Biometrics},
  pages={925--937},
  year={1989},
  publisher={JSTOR}
}

@article{korn1994comparison,
  title={A comparison of two phase I trial designs},
  author={Korn, Edward L and Midthune, Douglas and Chen, T Timothy and Rubinstein, Lawrence V and Christian, Michaele C and Simon, Richard M},
  journal={Statistics in medicine},
  volume={13},
  number={18},
  pages={1799--1806},
  year={1994},
  publisher={Wiley Online Library}
}

@article{o1990continual,
  title={Continual reassessment method: a practical design for phase 1 clinical trials in cancer},
  author={O'Quigley, John and Pepe, Margaret and Fisher, Lloyd},
  journal={Biometrics},
  pages={33--48},
  year={1990},
  publisher={JSTOR}
}

@article{piantadosi1998practical,
  title={Practical implementation of a modified continual reassessment method for dose-finding trials},
  author={Piantadosi, S and Fisher, JD and Grossman, S},
  journal={Cancer chemotherapy and pharmacology},
  volume={41},
  pages={429--436},
  year={1998},
  publisher={Springer}
}

@article{storer1989design,
  title={Design and analysis of phase I clinical trials},
  author={Storer, Barry E},
  journal={Biometrics},
  pages={925--937},
  year={1989},
  publisher={JSTOR}
}

@article{o1996continual,
  title={Continual reassessment method: a likelihood approach},
  author={O'Quigley, John and Shen, Larry Z},
  journal={Biometrics},
  pages={673--684},
  year={1996},
  publisher={JSTOR}
}

@article{goodman1995some,
  title={Some practical improvements in the continual reassessment method for phase I studies},
  author={Goodman, Steven N and Zahurak, Marianna L and Piantadosi, Steven},
  journal={Statistics in medicine},
  volume={14},
  number={11},
  pages={1149--1161},
  year={1995},
  publisher={Wiley Online Library}
}

@article{korn1994comparison,
  title={A comparison of two phase I trial designs},
  author={Korn, Edward L and Midthune, Douglas and Chen, T Timothy and Rubinstein, Lawrence V and Christian, Michaele C and Simon, Richard M},
  journal={Statistics in medicine},
  volume={13},
  number={18},
  pages={1799--1806},
  year={1994},
  publisher={Wiley Online Library}
}

@article{o1990continual,
  title={Continual reassessment method: a practical design for phase 1 clinical trials in cancer},
  author={O'Quigley, John and Pepe, Margaret and Fisher, Lloyd},
  journal={Biometrics},
  pages={33--48},
  year={1990},
  publisher={JSTOR}
}

@article{piantadosi1998practical,
  title={Practical implementation of a modified continual reassessment method for dose-finding trials},
  author={Piantadosi, S and Fisher, JD and Grossman, S},
  journal={Cancer chemotherapy and pharmacology},
  volume={41},
  pages={429--436},
  year={1998},
  publisher={Springer}
}

@article{storer1989design,
  title={Design and analysis of phase I clinical trials},
  author={Storer, Barry E},
  journal={Biometrics},
  pages={925--937},
  year={1989},
  publisher={JSTOR}
}

@article{o1996continual,
  title={Continual reassessment method: a likelihood approach},
  author={O'Quigley, John and Shen, Larry Z},
  journal={Biometrics},
  pages={673--684},
  year={1996},
  publisher={JSTOR}
}

@article{goodman1995some,
  title={Some practical improvements in the continual reassessment method for phase I studies},
  author={Goodman, Steven N and Zahurak, Marianna L and Piantadosi, Steven},
  journal={Statistics in medicine},
  volume={14},
  number={11},
  pages={1149--1161},
  year={1995},
  publisher={Wiley Online Library}
}